@misc{FirstPassageTools.jl,
	author  = {Garrett Smith <gasmith@uni-potsdam.de> and contributors},
	title   = {FirstPassageTools.jl},
	url     = {https://github.com/garrett-m-smith/FirstPassageTools.jl},
	version = {v0.1.0},
	year    = {2022},
	month   = {3}
}
