@book{vankampen2007stochastic,
	author = {{van Kampen}, N. G.},
	publisher = {Elsevier},
	title = {Stochastic processes in physics and chemistry},
	year = {2007}}

@incollection{iyer-biswas2016first,
	author = {Iyer-Biswas, Srividya and Zilman, Anton},
	booktitle = {Advances in Chemical Physics},
	editor = {Rice, Stuart A. and Dinner, Aaron R.},
	pages = {261--306},
	publisher = {John Wiley \& Sons},
	title = {First-passage processes in cellular biology},
	volume = {160},
	year = {2016}}

@article{swinburne2020rare,
	author = {Swinburne, Thomas D. and Kannan, Deepti and Sharpe, Daniel J. and Wales, David J.},
	journal = {The Journal of Chemical Physics},
	number = {134115},
	title = {Rare events and first passage time statistics from the energy landscape},
	volume = {153},
	year = {2020}}

@article{rackauckas2017differentialequations,
  title={Differentialequations.jl--a performant and feature-rich ecosystem for solving differential equations in julia},
  author={Rackauckas, Christopher and Nie, Qing},
  journal={Journal of Open Research Software},
  volume={5},
  number={1},
  year={2017},
  publisher={Ubiquity Press}
}

@unpublished{smith2021software,
	author = {Smith, Garrett and Vasishth, Shravan},
	title = {A software toolkit for modeling human sentence parsing: An approach using continuous-time, discrete-state stochastic dynamical systems},
	year = {2021},
    url = {https://psyarxiv.com/dtazq/}}

@article{diederich2003simple,
	author = {Diederich, Adele and Busemeyer, Jerome R.},
	journal = {Journal of Mathematical Psychology},
	pages = {304--322},
	title = {Simple matrix methods for analyzing diffusion models of choice probability, choice response time, and simple response time},
	volume = {47},
	year = {2003}}
